
@misc{bundesregierung_deutschland_klimaschutzgesetz_nodate,
	title = {Klimaschutzgesetz: {Klimaneutralität} bis 2045.},
	shorttitle = {Klimaschutzgesetz},
	url = {https://www.bundesregierung.de/breg-de/themen/klimaschutz/klimaschutzgesetz-2021-1913672},
	abstract = {Die Bundesregierung hat das Klimaschutzgesetz 2021 auf den Weg gebracht. Das Ziel: Klimaneutralität bis 2045.},
	language = {de},
	urldate = {2021-05-22},
	journal = {Bundesregierung},
	author = {Bundesregierung Deutschland},
	file = {Snapshot:C\:\\Users\\tobias\\Zotero\\storage\\XWUBMZ3R\\klimaschutzgesetz-2021-1913672.html:text/html},
}

@misc{energie_treibhausgasemissionen_nodate,
	title = {Treibhausgasemissionen in {Deutschland} nach {Sektoren}},
	url = {https://www.bmwi.de/Redaktion/DE/Infografiken/Industrie/treibhausgasemissionen-deutschland-nach-sektoren.html},
	language = {de},
	urldate = {2021-05-22},
	author = {Energie, Bundesministerium für Wirtschaft und},
	file = {Snapshot:C\:\\Users\\tobias\\Zotero\\storage\\WD8EGLN9\\treibhausgasemissionen-deutschland-nach-sektoren.html:text/html},
}


@book{tabeling_softwaresysteme_2006,
	title = {Softwaresysteme und ihre {Modellierung}: {Grundlagen}, {Methoden} und {Techniken}},
	isbn = {978-3-540-29276-0},
	shorttitle = {Softwaresysteme und ihre {Modellierung}},
	abstract = {Die arbeitsteilige Entwicklung großer Softwaresysteme erfordert in zunehmendem Maße analytische und darstellerische Fähigkeiten. Insbesondere technische Entscheidungsträger wie der Systemarchitekt müssen Systeme als Ganzes und auf konzeptioneller Ebene darstellen und dieses Wissen weitergeben können. Die architekturorientierte Modellierung ist hier von zentraler Bedeutung. Das Buch führt daher zunächst begriffliche und konzeptionelle Grundlagen informationsverarbeitender Systeme ein. Aufbauend darauf vermittelt es die Grundlagen der Modellierung und stellt darauf aufbauende Konzepte und Techniken zur Beschreibung großer Systeme vor, einschließlich objektorientierter Modellierung, UML sowie den Fundamental Modelling Concepts zur Beschreibung architektureller Systemstrukturen. Das Buch eignet sich als Begleitliteratur und zum Selbststudium zu einführenden und vertiefenden Vorlesungen und enthält darüber hinaus viele Hinweise und konkrete Techniken für das praktische Vorgehen bei der Modellierung.},
	language = {de},
	publisher = {Springer-Verlag},
	author = {Tabeling, Peter},
	month = jan,
	year = {2006},
	note = {Google-Books-ID: t4ouBAAAQBAJ},
	keywords = {Computers / Computer Science, Computers / Information Technology, Computers / Software Development \& Engineering / General},
}


@book{sjoberg_nonlinear_1995,
	title = {Nonlinear {Black}-{Box} {Modeling} in {System} {Identification}: a {Unified} {Overview}},
	shorttitle = {Nonlinear {Black}-{Box} {Modeling} in {System} {Identification}},
	url = {http://urn.kb.se/resolve?urn=urn:nbn:se:liu:diva-55254},
	abstract = {DiVA portal is a finding tool for research publications and student theses written at the following 49 universities and research institutions.},
	language = {eng},
	urldate = {2021-04-07},
	publisher = {Linköping University},
	author = {Sjöberg, Jonas and Zhang, Qinghua and Ljung, Lennart and Benveniste, Albert and Deylon, Bernard and Glorennec, Pierre-Yves and Hjalmarsson, Håkan and Juditsky, Anatoli},
	year = {1995},
	file = {Full Text PDF:C\:\\Users\\tobias\\Zotero\\storage\\WG4SQKCI\\Sjöberg et al. - 1995 - Nonlinear Black-Box Modeling in System Identificat.pdf:application/pdf;Snapshot:C\:\\Users\\tobias\\Zotero\\storage\\YWIJQZ7J\\record.html:text/html},
}


@article{hauth_grey-box_2008,
	title = {Grey-{Box} {Modelling} for {Nonlinear} {Systems}},
	copyright = {https://kluedo.ub.uni-kl.de/download/lizenzen/kluedo\_leitlinien\_vor\_2011-05-27.pdf},
	url = {https://kluedo.ub.uni-kl.de/frontdoor/index/index/docId/2045},
	abstract = {Grey-box modelling deals with models which are able to integrate the following two kinds of information: qualitative (expert) knowledge and quantitative (data) knowledge, with equal importance. The doctoral thesis has two aims: the improvement of an existing neuro-fuzzy approach (LOLIMOT algorithm), and the development of a new model class with corresponding identification algorithm, based on multiresolution analysis (wavelets) and statistical methods. The identification algorithm is able to identify both hidden differential dynamics and hysteretic components. After the presentation of some improvements of the LOLIMOT algorithm based on readily normalized weight functions derived from decision trees, we investigate several mathematical theories, i.e. the theory of nonlinear dynamical systems and hysteresis, statistical decision theory, and approximation theory, in view of their applicability for grey-box modelling. These theories show us directly the way onto a new model class and its identification algorithm. The new model class will be derived from the local model networks through the following modifications: Inclusion of non-Gaussian noise sources; allowance of internal nonlinear differential dynamics represented by multi-dimensional real functions; introduction of internal hysteresis models through two-dimensional "primitive functions"; replacement respectively approximation of the weight functions and of the mentioned multi-dimensional functions by wavelets; usage of the sparseness of the matrix of the wavelet coefficients; and identification of the wavelet coefficients with Sequential Monte Carlo methods. We also apply this modelling scheme to the identification of a shock absorber.},
	language = {de},
	urldate = {2021-04-06},
	author = {Hauth, Jan},
	year = {2008},
	keywords = {⛔ No DOI found},
	file = {Full Text PDF:C\:\\Users\\tobias\\Zotero\\storage\\R7PWXLNS\\Hauth - 2008 - Grey-Box Modelling for Nonlinear Systems.pdf:application/pdf;Snapshot:C\:\\Users\\tobias\\Zotero\\storage\\8ZMU3ZNS\\2045.html:text/html},
}


@article{ulleberg_modeling_2003,
	title = {Modeling of advanced alkaline electrolyzers: a system simulation approach},
	volume = {28},
	issn = {0360-3199},
	shorttitle = {Modeling of advanced alkaline electrolyzers},
	url = {https://www.sciencedirect.com/science/article/pii/S0360319902000332},
	doi = {10/b8s496},
	abstract = {A mathematical model for an advanced alkaline electrolyzer has been developed. The model is based on a combination of fundamental thermodynamics, heat transfer theory, and empirical electrochemical relationships. A dynamic thermal model has also been developed. Comparisons between predicted and measured data show that the model can be used to predict the cell voltage, hydrogen production, efficiencies, and operating temperature. The reference system used was the stand-alone photovoltaic-hydrogen energy plant in Jülich. The number of required parameters has been reduced to a minimum to make the model suitable for use in integrated hydrogen energy system simulations. The model has been made compatible to a transient system simulation program, which makes it possible to integrate hydrogen energy component models with a standard library of thermal and electrical renewable energy components. Hence, the model can be particularly useful for (1) system design (or redesign) and (2) optimization of control strategies. To illustrate the applicability of the model, a 1-year simulation of a photovoltaic-hydrogen system was performed. The results show that improved electrolyzer operating strategies can be identified with the developed system simulation model.},
	language = {en},
	number = {1},
	urldate = {2021-04-06},
	journal = {International Journal of Hydrogen Energy},
	author = {Ulleberg, Øystein},
	month = jan,
	year = {2003},
	keywords = {Renewable energy, Modeling, Alkaline electrolyzer, Hydrogen systems, Stand-alone power, System simulation},
	pages = {21--33},
	file = {ScienceDirect Snapshot:C\:\\Users\\tobias\\Zotero\\storage\\XWEB37R7\\S0360319902000332.html:text/html},
}


@article{amores_influence_2014,
	title = {Influence of operation parameters in the modeling of alkaline water electrolyzers for hydrogen production},
	volume = {39},
	issn = {0360-3199},
	url = {https://www.sciencedirect.com/science/article/pii/S0360319914019120},
	doi = {10/f6gzxj},
	abstract = {In order to improve the production of environmental friendly hydrogen, new advanced alkaline electrolyzers must be designed to optimize their combination with renewable energies. In pursuing this goal, modeling of alkaline electrolyzers becomes a powerful design tool. In this paper is presented a mathematical model that describes the behavior of an alkaline electrolysis cell. Unlike most of the existing models in literature, the proposed model simulates the influence of both electrode/diaphragm distance and electrolyte concentration in regular operation. The role of these aspects is crucial when designing alkaline electrolyzers since the process efficiency is found to be very sensitive to them. The computations done with the model presented here were validated with in situ experimental data, reporting a great accuracy: the maximum error was around 1\% from all polarization curves studied. Combination with renewable energies was also studied by introducing a solar PV profile and the error reported never exceeds 3\%. The influence of the considered variables (temperature, electrode/diaphragm distance and electrolyte concentration) was quantified using sensitivity analysis.},
	language = {en},
	number = {25},
	urldate = {2021-04-06},
	journal = {International Journal of Hydrogen Energy},
	author = {Amores, Ernesto and Rodríguez, Jesús and Carreras, Christian},
	month = aug,
	year = {2014},
	keywords = {Renewable energy, Modeling, Hydrogen, Alkaline water electrolysis},
	pages = {13063--13078},
	file = {ScienceDirect Snapshot:C\:\\Users\\tobias\\Zotero\\storage\\VR7FRX42\\S0360319914019120.html:text/html},
}

@book{tjarks_pem-elektrolyse-systeme_2017,
	title = {{PEM}-{Elektrolyse}-{Systeme} zur {Anwendung} in {Power}-to-{Gas} {Anlagen}},
	volume = {RWTH Aachen University},
	url = {http://publications.rwth-aachen.de/record/689617},
	abstract = {Hydrogen can be produced emission free from electric energy by the technology of water electrolysis. In addition to alkaline electrolysis also polymer-electrolyte-membrane (PEM) electrolysis is used for hydrogen production in power-to-gas applications for several years. For an economical use of the technology high efficiencies of the electrolyser and thecomplete plant are required. Subject of this work is an energetic investigation of PEM-electrolysers for the integration in power-to-gas applications. Therefore, a model of the complete plant is described, which can be initialized by single cell measurements. With the provided model correlations between operating parameters and specific losses of the electrolyser are identified. It can be shown that the operating parameters have a significant influence on the thermal management of the stack. Thus, for operating at atmospheric pressure and temperature of 80° C over 50 percent of the system losses are required for heating energy. These heating losses result from high content of water vapor in the product gases. With these results an optimized operating strategy for the electrolyser is derived. In addition to the parameters of temperature and pressure, the thickness of the membrane is investigated. To reduce the heating losses at current densities lower 1 A cm-2 the pressure of the product gases can be increased by just a few bar. For low stack losses, the temperature should be maintained at 80° C. The optimal thickness of the membrane depends on the permeation losses and the ohmic losses of ion conduction. For current densities over 1.5 A cm-2 and pressures up to 50 bar membranes with a thickness smaller 100 μm should be used. For an operating range under 1.5 A cm-2 and pressures up to 50 bar optimal membranes should have a thickness up to 300 μm. By the definition of an optimal operating strategy for the electrolyser an energetic consideration of the complete plant can be made. Particularly, the optimal operating pressure of the electrolyser under consideration of the gas compression and the gas drying is determined. To evaluate the optimization, the results are compared with two reference processes of current state of the art electrolysers. In dependence on the operation mode, optimal pressure levels between 2 and 10 bar results. In the power-to-gas plant, the electrolyser has the highest energy consumption with a percentage of up to 94 percent. For the gas compression a percentage of up to 5 percent is required. The gas drying with a percentage of under 1 percent has a very low impact on the total efficiency of the plant. With the obtained results, the potential of power-to-gas applications for a future production of hydrogen is estimated. By developments on the cell area, future power-to-gas plants can achieve efficiencies between 68 and 72 percent in relation the lower heating value. This includes the losses for power conditioning, hydrogen production, gas drying and gas compression.},
	language = {de},
	urldate = {2021-03-22},
	publisher = {RWTH Aachen University},
	author = {Tjarks, Geert Hauke},
	collaborator = {Stolten, Detlef and Weßling, Matthias},
	year = {2017},
	doi = {10.18154/RWTH-2017-04470},
	note = {Artwork Size: pages IV, 135 Seiten : Illustrationen, Diagramme
ISSN: 1866-1793
Pages: pages IV, 135 Seiten : Illustrationen, Diagramme
Publication Title: Dissertation},
	keywords = {620, hydrogen production, PEM electrolysis, power-to-gas},
	file = {Tjarks - 2017 - PEM-Elektrolyse-Systeme zur Anwendung in Power-to-.pdf:C\:\\Users\\tobias\\Zotero\\storage\\YY7YBC7T\\Tjarks - 2017 - PEM-Elektrolyse-Systeme zur Anwendung in Power-to-.pdf:application/pdf},
}

@article{rodriguez_cfd_2020,
	title = {{CFD} {Modeling} and {Experimental} {Validation} of an {Alkaline} {Water} {Electrolysis} {Cell} for {Hydrogen} {Production}},
	volume = {8},
	copyright = {http://creativecommons.org/licenses/by/3.0/},
	url = {https://www.mdpi.com/2227-9717/8/12/1634},
	doi = {10/gjnkf8},
	abstract = {Although alkaline water electrolysis (AWE) is the most widespread technology for hydrogen production by electrolysis, its electrochemical and fluid dynamic optimization has rarely been addressed simultaneously using Computational Fluid Dynamics (CFD) simulation. In this regard, a two-dimensional (2D) CFD model of an AWE cell has been developed using COMSOL\&reg; software and then experimentally validated. The model involves transport equations for both liquid and gas phases as well as equations for the electric current conservation. This multiphysics approach allows the model to simultaneously analyze the fluid dynamic and electrochemical phenomena involved in an electrolysis cell. The electrical response was evaluated in terms of polarization curve (voltage vs. current density) at different operating conditions: temperature, electrolyte conductivity, and electrode-diaphragm distance. For all cases, the model fits very well with the experimental data with an error of less than 1\% for the polarization curves. Moreover, the model successfully simulates the changes on gas profiles along the cell, according to current density, electrolyte flow rate, and electrode-diaphragm distance. The combination of electrochemical and fluid dynamics studies provides comprehensive information and makes the model a promising tool for electrolysis cell design.},
	language = {en},
	number = {12},
	urldate = {2021-04-06},
	journal = {Processes},
	author = {Rodríguez, Jesús and Amores, Ernesto},
	month = dec,
	year = {2020},
	note = {Number: 12
Publisher: Multidisciplinary Digital Publishing Institute},
	pages = {1634},
	file = {Full Text PDF:C\:\\Users\\tobias\\Zotero\\storage\\HIKV6X8W\\Rodríguez und Amores - 2020 - CFD Modeling and Experimental Validation of an Alk.pdf:application/pdf;Snapshot:C\:\\Users\\tobias\\Zotero\\storage\\RD5VFVD6\\1634.html:text/html},
}


@article{motapon_development_2012,
	title = {Development of a generic fuel cell model: application to a fuel cell vehicle simulation},
	volume = {4},
	issn = {1756-638X, 1756-6398},
	shorttitle = {Development of a generic fuel cell model},
	url = {http://www.inderscience.com/link.php?id=52427},
	doi = {10/gj3fcx},
	language = {en},
	number = {6},
	urldate = {2021-05-17},
	journal = {International Journal of Power Electronics},
	author = {Motapon, Souleman Njoya and Tremblay, Olivier and Dessaint, Louis A.},
	year = {2012},
	pages = {505},
	file = {Motapon et al. - 2012 - Development of a generic fuel cell model applicat.pdf:C\:\\Users\\tobias\\Zotero\\storage\\HSW4SIAK\\Motapon et al. - 2012 - Development of a generic fuel cell model applicat.pdf:application/pdf},
}


@article{chugh_experimental_2020,
	title = {Experimental and modelling studies of low temperature {PEMFC} performance},
	volume = {45},
	issn = {03603199},
	url = {https://linkinghub.elsevier.com/retrieve/pii/S036031992030077X},
	doi = {10/gjnx37},
	language = {en},
	number = {15},
	urldate = {2021-04-07},
	journal = {International Journal of Hydrogen Energy},
	author = {Chugh, Sachin and Chaudhari, Chinmay and Sonkar, Kapil and Sharma, Alok and Kapur, G.S. and Ramakumar, S.S.V.},
	month = mar,
	year = {2020},
	pages = {8866--8874},
	file = {2020 - Experimental and modelling studies of low temperat.pdf:C\:\\Users\\tobias\\Zotero\\storage\\PCC7AGPH\\2020 - Experimental and modelling studies of low temperat.pdf:application/pdf},
}

@article{barragan_iterative_2020,
	title = {Iterative {Fuzzy} {Modeling} of {Hydrogen} {Fuel} {Cells} by the {Extended} {Kalman} {Filter}},
	volume = {8},
	issn = {2169-3536},
	url = {https://ieeexplore.ieee.org/document/9154375/},
	doi = {10/gjnk8h},
	urldate = {2021-04-06},
	journal = {IEEE Access},
	author = {Barragan, Antonio J. and Enrique, Juan M. and Segura, Francisca and Andujar, Jose M.},
	year = {2020},
	pages = {180280--180294},
	file = {Volltext:C\:\\Users\\tobias\\Zotero\\storage\\G2TQSDPF\\Barragan et al. - 2020 - Iterative Fuzzy Modeling of Hydrogen Fuel Cells by.pdf:application/pdf},
}

@article{jiao_challenges_2017,
	title = {Challenges and opportunities in modelling of proton exchange membrane fuel cells ({PEMFC})},
	volume = {41},
	issn = {0363907X},
	url = {http://doi.wiley.com/10.1002/er.3798},
	doi = {10/gjnx9v},
	language = {en},
	number = {13},
	urldate = {2021-04-08},
	journal = {International Journal of Energy Research},
	author = {Jiao, K. and Ni, M.},
	month = oct,
	year = {2017},
	pages = {1793--1797},
	file = {Volltext:C\:\\Users\\tobias\\Zotero\\storage\\BL7TSXS9\\Jiao und Ni - 2017 - Challenges and opportunities in modelling of proto.pdf:application/pdf},
}

@article{falcao_review_2020,
	title = {A review on {PEM} electrolyzer modelling: {Guidelines} for beginners},
	volume = {261},
	shorttitle = {A review on {PEM} electrolyzer modelling},
	doi = {10/gg47r5},
	journal = {Journal of Cleaner Production},
	author = {Falcão, D. S. and Pinto, AMFR},
	year = {2020},
	note = {Publisher: Elsevier},
	pages = {121184},
	file = {Snapshot:C\:\\Users\\tobias\\Zotero\\storage\\6H2ZDMT4\\S0959652620312312.html:text/html},
}

@article{brauns_alkaline_2020,
	title = {Alkaline water electrolysis powered by renewable energy: {A} review},
	volume = {8},
	shorttitle = {Alkaline water electrolysis powered by renewable energy},
	doi = {10/gjh7mg},
	number = {2},
	journal = {Processes},
	author = {Brauns, Jörn and Turek, Thomas},
	year = {2020},
	note = {Publisher: Multidisciplinary Digital Publishing Institute},
	pages = {248},
	file = {Full Text:C\:\\Users\\tobias\\Zotero\\storage\\3DZ2YGJW\\Brauns und Turek - 2020 - Alkaline water electrolysis powered by renewable e.pdf:application/pdf;Snapshot:C\:\\Users\\tobias\\Zotero\\storage\\TZ94K4QQ\\248.html:text/html},
}

@article{koj_entwicklung_2021,
	title = {Entwicklung und {Charakterisierung} von {Elektroden} für die {Sauerstoffentwicklung} in der alkalischen {Wasserelektrolyse}},
	copyright = {https://creativecommons.org/licenses/by/4.0/},
	url = {https://dokumente.ub.tu-clausthal.de/receive/clausthal_mods_00001680},
	doi = {10.21268/20210202-2},
	abstract = {Die alkalische Wasserelektrolyse (AEL) zur elektrochemischen Erzeugung von Wasserstoff und Sauerstoff wird im industriellen Maßstab seit über 100 Jahren verwendet. Insbesondere im letzten Jahrzehnt ist die Wasserelektrolyse aufgrund des
steigenden Anteils erneuerbarer Energien und der damit verbundenen Suche nach geeigneten Technologien zur Speicherung von großen Energiemengen wieder in den Fokus der Forschung gerückt. Ebenfalls von Bedeutung für die Renaissance der Wasserelektrolyse ist die vielfach diskutierte Dekarbonisierung der Wirtschaft und die
damit verbundene Suche nach alternativen Energieträgern wie regenerativ erzeugtem
Wasserstoff. Um die AEL für die zukünftigen Anwendungen im Bereich der Wasserstoffwirtschaft weiterzuentwickeln, sollten insbesondere die Geometrie der Elektrodenträger und Elektrodenherstellungsmethoden zur Vergrößerung der elektrochemisch aktiven Oberfläche sowie neuartige Elektrolyseurkonzepte untersucht und optimiert werden.
In der vorliegenden Arbeit wurden daher unterschiedliche Methoden zur Herstellung
von Elektroden entwickelt und deren Einflüsse auf die elektrochemischen Widerstände in der AEL analysiert. Im Fokus der Entwicklung stand insbesondere die Untersuchung des An- und Abtransports des Elektrolyten und der Gasabfuhr sowie der Einfluss von Betriebsbedingungen für sauerstoffentwickelnde Elektroden. Die Untersuchung und Optimierung der Makrostrukturierung von Elektrodenträgermaterialien erfolgte durch
Variation der Maschenweiten von beschichteten Netz-Elektroden. Um die aktive Elektrodenoberfläche zu vergrößern wurde ein neuartiges Laserablationsverfahren verwendet. Mithilfe dieses Verfahrens konnte erfolgreich eine definierten Mikro- undNanostrukturierung auf der Elektrodenoberfläche erzeugt werden und die Katalysatorzusammensetzung gezielt beeinflusst werden. Eine weitere Steigerung der aktiven
Elektrodenoberfläche erfolgte durch die Verwendung von Elektroden mit dreidimensionalen makro-, mikro- und nanostrukturierten Porensystemen. Hierzu wurde ein neuartiges Verfahrenskonzept (Hybrid-AEL) unter Verwendung einer Gasdiffusionselektrode als Anode entwickelt. Durch den veränderten An- und Abtransport der Edukte und Produkte sowie der vergrößerten Elektrodenoberfläche konnten die elektrochemischen Widerstände verringert werden. Zudem bilden sich auf der Anodenseite lediglich Sauerstoff und Wasser, wodurch der Anolytkreislauf entfällt und entsprechend das Verfahrenskonzept vereinfacht werden konnte.},
	language = {de},
	urldate = {2021-03-22},
	author = {Koj, Matthias},
	month = feb,
	year = {2021},
	file = {Snapshot:C\:\\Users\\tobias\\Zotero\\storage\\UZ8358XN\\clausthal_mods_00001680.html:text/html;Koj - 2021 - Entwicklung und Charakterisierung von Elektroden f.pdf:C\:\\Users\\tobias\\Zotero\\storage\\357QJNMZ\\Koj - 2021 - Entwicklung und Charakterisierung von Elektroden f.pdf:application/pdf},
}

@article{olivier_low-temperature_2017,
	title = {Low-temperature electrolysis system modelling: {A} review},
	volume = {78},
	issn = {1364-0321},
	shorttitle = {Low-temperature electrolysis system modelling},
	url = {https://www.sciencedirect.com/science/article/pii/S136403211730432X},
	doi = {10/gbsxvk},
	abstract = {This review provides an exhaustive and comprehensive analysis of the existing modelling works about low temperature electrolysis system: alkaline and proton exchange membrane (PEM) technologies. In order to achieve this review, a classification was built, based on different criteria such as physical domains involved or modelling approaches. The proposed methodology allows both exposing an overview of the electrolysis system modelling field and providing a deep analysis of each reviewed model. Actual strengths, weaknesses and lacks in this research field are pointed out and the performed analysis provides ideas for future research in this area.},
	language = {en},
	urldate = {2021-04-06},
	journal = {Renewable and Sustainable Energy Reviews},
	author = {Olivier, Pierre and Bourasseau, Cyril and Bouamama, Pr. Belkacem},
	month = oct,
	year = {2017},
	keywords = {Modelling, Electrolysis system, Hydrogen},
	pages = {280--300},
	file = {ScienceDirect Snapshot:C\:\\Users\\tobias\\Zotero\\storage\\DMYAA7I6\\S136403211730432X.html:text/html;Olivier et al. - 2017 - Low-temperature electrolysis system modelling A r.pdf:C\:\\Users\\tobias\\Zotero\\storage\\YZYLXB43\\Olivier et al. - 2017 - Low-temperature electrolysis system modelling A r.pdf:application/pdf},
}

@incollection{tremel_electrolysisfundamental_2018,
	address = {Cham},
	series = {{SpringerBriefs} in {Applied} {Sciences} and {Technology}},
	title = {Electrolysis—{Fundamental} {Technologies}, {Requirements} and {Current} {Status}},
	isbn = {978-3-319-72459-1},
	url = {https://doi.org/10.1007/978-3-319-72459-1_2},
	abstract = {The first and most important conversion step for the production of electricity-based fuels is the electrolysis of water to produce hydrogen. Alkaline electrolyzers have dominated the market and account for almost all installed electrolysis capacity worldwide. However, Proton-Exchange-Membrane (PEM) and solid oxide electrolyzers have a much higher potential for future cost reduction and efficiency improvements. PEM electrolyzers are particularly interesting as they enable the highest operational range to directly follow renewable power generation profiles.},
	language = {en},
	urldate = {2021-04-06},
	booktitle = {Electricity-based {Fuels}},
	publisher = {Springer International Publishing},
	author = {Tremel, Alexander},
	editor = {Tremel, Alexander},
	year = {2018},
	doi = {10.1007/978-3-319-72459-1_2},
	keywords = {Alkaline electrolysis, Proton-Exchange-Membrane electrolysis, Solid oxide electrolysis},
	pages = {19--31},
	file = {Springer Full Text PDF:C\:\\Users\\tobias\\Zotero\\storage\\CWPX3S2H\\Tremel - 2018 - Electrolysis—Fundamental Technologies, Requirement.pdf:application/pdf},
}

@article{stempien_solid_2013,
	title = {Solid {Oxide} {Electrolyzer} {Cell} {Modeling}: {A} {Review}},
	volume = {Vol. 93},
	issn = {1425-1353},
	shorttitle = {Solid {Oxide} {Electrolyzer} {Cell} {Modeling}},
	url = {http://yadda.icm.edu.pl/baztech/element/bwmeta1.element.baztech-48815965-a9b4-4185-9caa-ffd04b51a12e},
	language = {EN},
	number = {nr 4},
	urldate = {2021-03-22},
	journal = {Journal of Power of Technologies},
	author = {Stempien, J. P. and Sun, Q. and Chan, S. H.},
	year = {2013},
	keywords = {⛔ No DOI found},
	file = {Snapshot:C\:\\Users\\tobias\\Zotero\\storage\\W8TV78UI\\bwmeta1.element.html:text/html;Stempien et al. - 2013 - Solid Oxide Electrolyzer Cell Modeling A Review.pdf:C\:\\Users\\tobias\\Zotero\\storage\\488RLA4C\\Stempien et al. - 2013 - Solid Oxide Electrolyzer Cell Modeling A Review.pdf:application/pdf},
}

@article{abdin_modelling_2015,
	title = {Modelling and simulation of a proton exchange membrane ({PEM}) electrolyser cell},
	volume = {40},
	issn = {0360-3199},
	url = {https://www.sciencedirect.com/science/article/pii/S0360319915019321},
	doi = {10.1016/j.ijhydene.2015.07.129},
	abstract = {An enhanced model of a PEM electrolyser cell is presented, based on linked modular mathematical models of the anode, cathode, membrane and cell voltage. In addition to predicting the overall equilibrium electrolyser cell performance, based on parameters related to the materials of construction and the configuration of its components, the model is a powerful tool for exploring control strategies and understanding the contributions to cell voltage from the various internal components as a guide to researchers aiming for improved performance.},
	language = {en},
	number = {39},
	urldate = {2021-03-22},
	journal = {International Journal of Hydrogen Energy},
	author = {Abdin, Z. and Webb, C. J. and Gray, E. MacA.},
	month = oct,
	year = {2015},
	keywords = {Modelling, Anode, Cathode, Electrolyser, Overpotential, PEM},
	pages = {13243--13257},
	file = {ScienceDirect Snapshot:C\:\\Users\\tobias\\Zotero\\storage\\U3WDUNAA\\S0360319915019321.html:text/html;Abdin et al. - 2015 - Modelling and simulation of a proton exchange memb.pdf:C\:\\Users\\tobias\\Zotero\\storage\\5AFZ49QC\\Abdin et al. - 2015 - Modelling and simulation of a proton exchange memb.pdf:application/pdf},
}

@article{milewski_modeling_2014,
	title = {Modeling an alkaline electrolysis cell through reduced-order and loss-estimate approaches},
	volume = {269},
	issn = {03787753},
	url = {https://linkinghub.elsevier.com/retrieve/pii/S0378775314010027},
	doi = {10/gjvnbb},
	language = {en},
	urldate = {2021-05-04},
	journal = {Journal of Power Sources},
	author = {Milewski, Jaroslaw and Guandalini, Giulio and Campanari, Stefano},
	month = dec,
	year = {2014},
	pages = {203--211},
	file = {Milewski et al. - 2014 - Modeling an alkaline electrolysis cell through red.pdf:C\:\\Users\\tobias\\Zotero\\storage\\DNYGA8XC\\Milewski et al. - 2014 - Modeling an alkaline electrolysis cell through red.pdf:application/pdf},
}

@article{hajimolana_mathematical_2011,
	title = {Mathematical modeling of solid oxide fuel cells: {A} review},
	volume = {15},
	issn = {13640321},
	shorttitle = {Mathematical modeling of solid oxide fuel cells},
	url = {https://linkinghub.elsevier.com/retrieve/pii/S1364032110004466},
	doi = {10/fjt73q},
	language = {en},
	number = {4},
	urldate = {2021-05-05},
	journal = {Renewable and Sustainable Energy Reviews},
	author = {Hajimolana, S. Ahmad and Hussain, M. Azlan and Daud, W.M. Ashri Wan and Soroush, M. and Shamiri, A.},
	month = may,
	year = {2011},
	pages = {1893--1917},
	file = {Hajimolana et al. - 2011 - Mathematical modeling of solid oxide fuel cells A.pdf:C\:\\Users\\tobias\\Zotero\\storage\\T9LESQEA\\Hajimolana et al. - 2011 - Mathematical modeling of solid oxide fuel cells A.pdf:application/pdf},
}

@inproceedings{webster_implementation_2019,
	title = {Implementation of a {Non}-{Discretized} {Multiphysics} {PEM} {Electrolyzer} {Model} in {Modelica}},
	url = {https://ep.liu.se/en/conference-article.aspx?series=ecp&issue=157&Article_No=88},
	doi = {10/gjvtn2},
	urldate = {2021-05-05},
	author = {Webster, John and Bode, Carsten},
	month = feb,
	year = {2019},
	pages = {833--840},
	file = {Volltext:C\:\\Users\\tobias\\Zotero\\storage\\5GXSZGIJ\\Webster und Bode - 2019 - Implementation of a Non-Discretized Multiphysics P.pdf:application/pdf},
}


@article{biaku_semiempirical_2008,
	title = {A semiempirical study of the temperature dependence of the anode charge transfer coefficient of a {6kW} {PEM} electrolyzer},
	volume = {33},
	issn = {0360-3199},
	url = {https://www.sciencedirect.com/science/article/pii/S0360319908007118},
	doi = {10/fkhj5k},
	abstract = {Temperature dependency of the charge transfer coefficient (CTC) of the oxygen electrode of a commercial proton exchange membrane electrolyzer stack is investigated in this paper. A good estimate of the CTC is important in predicting the current–voltage characteristics of electrolyzers. The estimated CTC also provides insight into the properties of the electrode. The results of this study show that at typical operating temperatures, there is a reasonable variation of the CTC from the symmetry factor. The results indicate that within a temperature range of 20–60°C, the average CTC changes from 0.18 to 0.42 which is clearly lower than the standard symmetry factor of 0.5.},
	language = {en},
	number = {16},
	urldate = {2021-03-22},
	journal = {International Journal of Hydrogen Energy},
	author = {Biaku, C. Y. and Dale, N. V. and Mann, M. D. and Salehfar, H. and Peters, A. J. and Han, T.},
	month = aug,
	year = {2008},
	keywords = {PEM electrolysis, Charge transfer coefficient, Oxygen electrode, Symmetry factor},
	pages = {4247--4254},
	file = {ScienceDirect Snapshot:C\:\\Users\\tobias\\Zotero\\storage\\23QKFWUH\\S0360319908007118.html:text/html;Biaku et al. - 2008 - A semiempirical study of the temperature dependenc.pdf:C\:\\Users\\tobias\\Zotero\\storage\\S2K2UV75\\Biaku et al. - 2008 - A semiempirical study of the temperature dependenc.pdf:application/pdf},
}


@article{guandalini_comparative_2016,
	title = {Comparative assessment and safety issues in state-of-the-art hydrogen production technologies},
	volume = {41},
	issn = {0360-3199},
	url = {https://www.sciencedirect.com/science/article/pii/S0360319916302592},
	doi = {10/f89dfv},
	abstract = {This work discusses the development of a benchmark comparison among hydrogen production technologies, focussing on the assessment of their operating conditions by the point of view of the potential impact on safety. The analysis focuses on state-of-the-art, fully industrialized and commercial technologies, or at least with established early-market availability, not considering unconventional or emerging technologies still featuring a low technology readiness level. After a selection of hydrogen production technologies and their classification according to the possible feedstock, hydrogen purity and plant size, operating conditions and relative component sizes were calculated. Temperatures, pressures and chemical features are given in the most important points, as well as relative size of components, considering that these factors can be important by the point of view of safety. The qualitative comparison of the investigated technologies evidenced the presence of flammable and toxic mixtures at high temperature common to all the natural gas fed technologies, while gasifiers generally operates at lower temperature. ATR and gasifiers exhibit flammable and toxic gases at high pressure, as well as highly reactive streams (i.e. pure oxygen). This last is an aspect common also to electrolysis and POX. Common ranges for operating conditions are provided as a support for subsequent safety evaluation on how critical is a certain plant by the point of view of safety.},
	language = {en},
	number = {42},
	urldate = {2021-03-22},
	journal = {International Journal of Hydrogen Energy},
	author = {Guandalini, Giulio and Campanari, Stefano and Valenti, Gianluca},
	month = nov,
	year = {2016},
	keywords = {Benchmark, Electrolysis, Gasification, Hydrogen production, Operating conditions, Safety, Steam reforming},
	pages = {18901--18920},
	file = {ScienceDirect Snapshot:C\:\\Users\\tobias\\Zotero\\storage\\YY5YGEGW\\S0360319916302592.html:text/html},
}

@article{milanzi_technischer_2018,
	title = {Technischer {Stand} und {Flexibilität} des {Power}-to-{Gas}-{Verfahrens}},
	copyright = {Creative Commons Attribution 4.0 International, Open Access},
	url = {https://zenodo.org/record/2620253},
	doi = {10/gjnmdv},
	abstract = {Zur Überbrückung von langfristigen Dargebotslücken aus erneuerbaren Energien kommt im treibhausgasneutralen deutschen Energiesystem nach heutigem Kenntnisstand vor allem das Power-to-Gas-Verfahren als saisonale Speicheroption in Betracht. Darüber hinaus gibt es Bereiche des Energiesystems, in denen eine Dekarbonisierung durch direkte Elektrifizierung nur schwer umzusetzen sein wird und in denen synthetische Gase und Brennstoffe eingesetzt werden müssen. Für die Teilschritte Elektrolyse und Methanisierung werden die erreichten und prognostizierten technischen Eigenschaften anhand einer umfangreichen Analyse von Literaturwerten und realen Anwendungen dargestellt. Ergänzend werden Daten zu spezifischen Investitionsausgaben zusammengestellt und zentrale Schlüsse für weitere Modellierungs- und Forschungsarbeiten abgeleitet.},
	language = {de},
	urldate = {2021-04-06},
	author = {Milanzi, Sarah and Spiller, Carla and Grosse, Benjamin and Hermann, Lisa and Müller-Kirchenbauer, Joachim},
	month = aug,
	year = {2018},
	note = {Publisher: Zenodo
Version Number: V01},
	keywords = {Elektrolyse, Flexibilisierung, Methanisierung, Pilotprojekte Power-to-Gas, Sektorenkopplung, Technische Kennwerte von Power-to-Gas},
	annote = {Other
Entstanden im Rahmen des vom Bundesministerium für Bildung und Forschung (BMBF) geförderten Kopernikus-Projekts "Systemintegration": Energiewende-Navigationssystem (ENavi) (Förderkennzeichen 03SFK4N0)},
	file = {Milanzi et al. - 2018 - Technischer Stand und Flexibilität des Power-to-Ga.pdf:C\:\\Users\\tobias\\Zotero\\storage\\F3D7YRBM\\Milanzi et al. - 2018 - Technischer Stand und Flexibilität des Power-to-Ga.pdf:application/pdf},
}

@article{yan_performance_2017,
	title = {Performance and degradation of an {SOEC} stack with different cell components},
	volume = {258},
	doi = {10/gcqc6j},
	journal = {Electrochimica acta},
	author = {Yan, Yulin and Fang, Q. and Blum, L. and Lehnert, W.},
	year = {2017},
	note = {Publisher: Elsevier},
	pages = {1254--1261},
	file = {Snapshot:C\:\\Users\\tobias\\Zotero\\storage\\YNQUL6PS\\S0013468617325422.html:text/html},
}

@article{butz_decomposition_2009,
	title = {Decomposition of 8.5mol.\% {Y2O3}-doped zirconia and its contribution to the degradation of ionic conductivity},
	volume = {57},
	issn = {1359-6454},
	url = {https://www.sciencedirect.com/science/article/pii/S1359645409004790},
	doi = {10/b2tc8h},
	abstract = {Transmission electron microscopy (TEM) in combination with energy-dispersive X-ray spectroscopy and electron energy loss spectroscopy was applied to analyze the microstructure and the local chemical composition of as-sintered and aged Y2O3-doped ZrO2 (YDZ) thick-film substrates with yttria contents of 8.5mol.\% (8YDZ) and 10mol.\% (10YDZ). Selected-area electron diffraction and dark-field TEM imaging show nanoscale precipitates of the tetragonal YDZ phase, which are coherently embedded in grains consisting of the cubic phase. A distinct coarsening of the tetragonal regions is observed after 2500h annealing of 8YDZ at 950°C in an oxidizing atmosphere. This coarsening is accompanied by decomposition on the cationic sublattice on the nanoscale, leading to the depletion of yttrium in the tetragonal regions. The decomposition is discussed in terms of spinodal decomposition which takes place even at a high doping concentration of 8.5mol.\% Y2O3.},
	language = {en},
	number = {18},
	urldate = {2021-03-22},
	journal = {Acta Materialia},
	author = {Butz, B. and Schneider, R. and Gerthsen, D. and Schowalter, M. and Rosenauer, A.},
	month = oct,
	year = {2009},
	keywords = {Analytical electron microscopy, Electron energy loss spectroscopy, Energy-dispersive X-ray spectroscopy, Spinodal decomposition, Yttria-doped zirconia},
	pages = {5480--5490},
	file = {ScienceDirect Snapshot:C\:\\Users\\tobias\\Zotero\\storage\\U4MPADXY\\S1359645409004790.html:text/html},
}

@article{schiller_high_2010,
	title = {High {Temperature} {Water} {Electrolysis} {Using} {Metal} {Supported} {Solid} {Oxide} {Electrolyser} {Cells} ({SOEC})},
	volume = {72},
	issn = {1662-0356},
	url = {https://www.scientific.net/AST.72.135},
	doi = {10/dnsghx},
	abstract = {Metal supported cells as developed at DLR for use as solid oxide fuel cells by applying plasma deposition technologies were investigated in operation of high temperature steam electrolysis. The cells consisted of a porous ferritic steel support, a diffusion barrier layer, a Ni/YSZ fuel electrode, a YSZ electrolyte and a LSCF oxygen electrode. During fuel cell and electrolysis operation the cells were electrochemically characterised by means of i-V characteristics and electrochemical impedance spectroscopy measurements including a long-term test over 2000 hours. The results of electrochemical performance and long-term durability tests of both single cells and single repeating units (cell including metallic interconnect) are reported. During electrolysis operation at an operating temperature of 850 °C a cell voltage of 1.28 V was achieved at a current density of -1.0 A cm-2; at 800 °C the cell voltage was 1.40 V at the same operating conditions. The impedance spectra revealed a significantly enhanced polarisation resistance during electrolysis operation compared to fuel cell operation which was mainly attributed to the hydrogen electrode. During a long-term test run of a single cell over 2000 hours a degradation rate of 3.2\% per 1000 hours was observed for operation with steam content of 43\% at 800 °C and a current density of -0.3 Acm-2. Testing of a single repeating unit proved that a good contacting of cell and metallic interconnect is of major importance to achieve good performance. A test run over nearly 1000 hours showed a remarkably low degradation rate.},
	urldate = {2021-03-22},
	journal = {Advances in Science and Technology},
	author = {Schiller, Günter and Ansar, Asif and Patz, Olaf},
	month = oct,
	year = {2010},
	pages = {135--143},
	file = {Akzeptierte Version:C\:\\Users\\tobias\\Zotero\\storage\\23UR8I6A\\Schiller et al. - 2010 - High Temperature Water Electrolysis Using Metal Su.pdf:application/pdf},
}

@article{rashid_hydrogen_2015,
	title = {Hydrogen production by water electrolysis: a review of alkaline water electrolysis, {PEM} water electrolysis and high temperature water electrolysis},
	volume = {4},
	shorttitle = {Hydrogen production by water electrolysis},
	number = {3},
	journal = {Int. J. Eng. Adv. Technol},
	author = {Rashid, Md Mamoon and Al Mesfer, Mohammed K. and Naseem, Hamid and Danish, Mohd},
	year = {2015},
	keywords = {⛔ No DOI found},
	pages = {2249--8958},
	file = {Full Text:C\:\\Users\\tobias\\Zotero\\storage\\L2X54GLM\\Rashid et al. - 2015 - Hydrogen production by water electrolysis a revie.pdf:application/pdf},
}

@article{olabi_prospects_2020,
	title = {Prospects of {Fuel} {Cell} {Combined} {Heat} and {Power} {Systems}},
	volume = {13},
	copyright = {http://creativecommons.org/licenses/by/3.0/},
	url = {https://www.mdpi.com/1996-1073/13/16/4104},
	doi = {10/gjnx38},
	abstract = {Combined heat and power (CHP) in a single and integrated device is concurrent or synchronized production of many sources of usable power, typically electric, as well as thermal. Integrating combined heat and power systems in today\&rsquo;s energy market will address energy scarcity, global warming, as well as energy-saving problems. This review highlights the system design for fuel cell CHP technologies. Key among the components discussed was the type of fuel cell stack capable of generating the maximum performance of the entire system. The type of fuel processor used was also noted to influence the systemic performance coupled with its longevity. Other components equally discussed was the power electronics. The thermal and water management was also noted to have an effect on the overall efficiency of the system. Carbon dioxide emission reduction, reduction of electricity cost and grid independence, were some notable advantages associated with fueling cell combined heat and power systems. Despite these merits, the high initial capital cost is a key factor impeding its commercialization. It is, therefore, imperative that future research activities are geared towards the development of novel, and cheap, materials for the development of the fuel cell, which will transcend into a total reduction of the entire system. Similarly, robust, systemic designs should equally be an active research direction. Other types of fuel aside, hydrogen should equally be explored. Proper risk assessment strategies and documentation will similarly expand and accelerate the commercialization of this novel technology. Finally, public sensitization of the technology will also make its acceptance and possible competition with existing forms of energy generation feasible. The work, in summary, showed that proton exchange membrane fuel cell (PEM fuel cell) operated at a lower temperature-oriented cogeneration has good efficiency, and is very reliable. The critical issue pertaining to these systems has to do with the complication associated with water treatment. This implies that the balance of the plant would be significantly affected; likewise, the purity of the gas is crucial in the performance of the system. An alternative to these systems is the PEM fuel cell systems operated at higher temperatures.},
	language = {en},
	number = {16},
	urldate = {2021-04-07},
	journal = {Energies},
	author = {Olabi, A. G. and Wilberforce, Tabbi and Sayed, Enas Taha and Elsaid, Khaled and Abdelkareem, Mohammad Ali},
	month = jan,
	year = {2020},
	note = {Number: 16
Publisher: Multidisciplinary Digital Publishing Institute},
	pages = {4104},
	file = {Full Text PDF:C\:\\Users\\tobias\\Zotero\\storage\\YEEGWGN7\\Olabi et al. - 2020 - Prospects of Fuel Cell Combined Heat and Power Sys.pdf:application/pdf;Snapshot:C\:\\Users\\tobias\\Zotero\\storage\\7IUXFR6Y\\4104.html:text/html},
}

@article{lucia_overview_2014,
	title = {Overview on fuel cells},
	volume = {30},
	issn = {13640321},
	url = {https://linkinghub.elsevier.com/retrieve/pii/S1364032113006965},
	doi = {10/f5swt6},
	language = {en},
	urldate = {2021-04-07},
	journal = {Renewable and Sustainable Energy Reviews},
	author = {Lucia, Umberto},
	month = feb,
	year = {2014},
	pages = {164--169},
	file = {Lucia - 2014 - Overview on fuel cells.pdf:C\:\\Users\\tobias\\Zotero\\storage\\QKJTQT64\\Lucia - 2014 - Overview on fuel cells.pdf:application/pdf},
}

@article{mekhilef_comparative_2012,
	title = {Comparative study of different fuel cell technologies},
	volume = {16},
	issn = {1364-0321},
	url = {https://www.sciencedirect.com/science/article/pii/S1364032111004709},
	doi = {10/d2sbhv},
	abstract = {Fuel cells generate electricity and heat during electrochemical reaction which happens between the oxygen and hydrogen to form the water. Fuel cell technology is a promising way to provide energy for rural areas where there is no access to the public grid or where there is a huge cost of wiring and transferring electricity. In addition, applications with essential secure electrical energy requirement such as uninterruptible power supplies (UPS), power generation stations and distributed systems can employ fuel cells as their source of energy. The current paper includes a comparative study of basic design, working principle, applications, advantages and disadvantages of various technologies available for fuel cells. In addition, techno-economic features of hydrogen fuel cell vehicles (FCV) and internal combustion engine vehicles (ICEV) are compared. The results indicate that fuel cell systems have simple design, high reliability, noiseless operation, high efficiency and less environmental impact. The aim of this paper is to serve as a convenient reference for fuel cell power generation reviews.},
	language = {en},
	number = {1},
	urldate = {2021-04-12},
	journal = {Renewable and Sustainable Energy Reviews},
	author = {Mekhilef, S. and Saidur, R. and Safari, A.},
	month = jan,
	year = {2012},
	keywords = {Fuel cell, Comparative study, Fuel cell technologies, Fuel cell vehicle, Internal combustion engine},
	pages = {981--989},
	file = {2012 - Comparative study of different fuel cell technolog.pdf:C\:\\Users\\tobias\\Zotero\\storage\\E3MI6375\\2012 - Comparative study of different fuel cell technolog.pdf:application/pdf},
}

@article{engler_wechselrichter_nodate,
	title = {Wechselrichter für die {Netzkopplung} von {Brennstoffzellen}},
	author = {Engler, Ing A. and Bard, J. and Viotto, M.},
	keywords = {⛔ No DOI found},
	file = {Full Text:C\:\\Users\\tobias\\Zotero\\storage\\E8YD4DE3\\Engler et al. - Wechselrichter für die Netzkopplung von Brennstoff.pdf:application/pdf},
}

@book{schamai_modelica_2009,
	title = {Modelica {Modeling} {Language} ({ModelicaML}) : {A} {UML} {Profile} for {Modelica}},
	shorttitle = {Modelica {Modeling} {Language} ({ModelicaML})},
	url = {http://urn.kb.se/resolve?urn=urn:nbn:se:liu:diva-20553},
	abstract = {DiVA portal is a finding tool for research publications and student theses written at the following 49 universities and research institutions.},
	language = {eng},
	urldate = {2021-04-06},
	publisher = {Linköping University Electronic Press},
	author = {Schamai, Wladimir},
	year = {2009},
	file = {Full Text PDF:C\:\\Users\\tobias\\Zotero\\storage\\EUVRPBNL\\Schamai - 2009 - Modelica Modeling Language (ModelicaML)  A UML Pr.pdf:application/pdf;Snapshot:C\:\\Users\\tobias\\Zotero\\storage\\MDU3RRHQ\\record.html:text/html},
}

@inproceedings{trubitsyn_high-efficiency_2010,
	address = {Atlanta, GA},
	title = {High-efficiency inverter for photovoltaic applications},
	isbn = {978-1-4244-5286-6},
	url = {https://ieeexplore.ieee.org/document/5618163/},
	doi = {10/b57pmg},
	urldate = {2021-05-15},
	booktitle = {2010 {IEEE} {Energy} {Conversion} {Congress} and {Exposition}},
	publisher = {IEEE},
	author = {Trubitsyn, Aleksey and Pierquet, Brandon J. and Hayman, Alexander K. and Gamache, Garet E. and Sullivan, Charles R. and Perreault, David J.},
	month = sep,
	year = {2010},
	pages = {2803--2810},
	file = {Trubitsyn et al. - 2010 - High-efficiency inverter for photovoltaic applicat.pdf:C\:\\Users\\tobias\\Zotero\\storage\\Z3AAFJKY\\Trubitsyn et al. - 2010 - High-efficiency inverter for photovoltaic applicat.pdf:application/pdf},
}

@article{garcia-valverde_simple_2012,
	title = {Simple {PEM} water electrolyser model and experimental validation},
	volume = {37},
	issn = {03603199},
	url = {https://linkinghub.elsevier.com/retrieve/pii/S0360319911021380},
	doi = {10/dqz2nr},
	language = {en},
	number = {2},
	urldate = {2021-05-17},
	journal = {International Journal of Hydrogen Energy},
	author = {García-Valverde, R. and Espinosa, N. and Urbina, A.},
	month = jan,
	year = {2012},
	pages = {1927--1938},
	file = {García-Valverde et al. - 2012 - Simple PEM water electrolyser model and experiment.pdf:C\:\\Users\\tobias\\Zotero\\storage\\JZ9YPVGR\\García-Valverde et al. - 2012 - Simple PEM water electrolyser model and experiment.pdf:application/pdf},
}

@phdthesis{herrmann_effizienz_2006,
	title = {Effizienz, {Wirtschaftlichkeit} und {Potential} von klein-{Blockheizkraftwerken} = {Efficiency}, {Economics} and {Potential} of mini {Combined} {Heat} and {Power} {Units}},
	url = {https://pure.mpg.de/pubman/faces/ViewItemOverviewPage.jsp?itemId=item_2143924},
	abstract = {Autor: Herrmann, J.; Genre: Hochschulschrift; Im Druck veröffentlicht: 2006; Titel: Effizienz, Wirtschaftlichkeit und Potential von klein-Blockheizkraftwerken = Efficiency, Economics and Potential of mini Combined Heat and Power Units},
	language = {deu},
	urldate = {2021-05-07},
	school = {Universität Augsburg Augsburg},
	author = {Herrmann, J.},
	year = {2006},
	file = {Snapshot:C\:\\Users\\tobias\\Zotero\\storage\\S7W4F9JE\\ViewItemOverviewPage.html:text/html;Herrmann - 2006 - Effizienz, Wirtschaftlichkeit und Potential von kl.pdf:C\:\\Users\\tobias\\Zotero\\storage\\GFUK5Z9I\\Herrmann - 2006 - Effizienz, Wirtschaftlichkeit und Potential von kl.pdf:application/pdf},
}

@article{reich_grundlagen_2018,
	title = {Grundlagen zur {Bewertung} von {Energiesystemen}},
	url = {https://link.springer.com/chapter/10.1007/978-3-658-20608-6_2},
	doi = {10/gjpqg4},
	abstract = {Das Ziel der Bewertung von Energiesystemen besteht in einem möglichst umfassenden Vergleich zwischen verschiedenen regenerativen Energiesystemen untereinander sowie zwischen regenerativen und...},
	language = {de},
	urldate = {2021-04-12},
	journal = {Regenerative Energietechnik},
	author = {Reich, Gerhard and Reppich, Marcus},
	year = {2018},
	note = {Publisher: Springer Vieweg, Wiesbaden},
	pages = {31--60},
	file = {Full Text PDF:C\:\\Users\\tobias\\Zotero\\storage\\A6MML7WL\\Reich und Reppich - 2018 - Grundlagen zur Bewertung von Energiesystemen.pdf:application/pdf;Snapshot:C\:\\Users\\tobias\\Zotero\\storage\\DA7ET3MA\\978-3-658-20608-6_2.html:text/html},
}

@misc{muller_vorlesung_2020,
	title = {Vorlesung "{Energiewirtschaft}", {Dynamische} {Investitionsrechnung}},
	language = {Deutsch},
	urldate = {2021-02-15},
	publisher = {E.ON Energy Research Center, RWTH Aachen University},
	author = {Müller, Dirk},
	month = apr,
	year = {2020},
	file = {_.pdf:C\:\\Users\\tobias\\Zotero\\storage\\JKWVTIIR\\_.pdf:application/pdf},
}

@misc{periodensystem-online_dichtewerttabelle_nodate,
	title = {Dichtewerttabelle anzeigen - {Das} {Periodensystem} online},
	url = {http://www.periodensystem-online.de/index.php?id=lists&form=Dichtewerte&sst=6},
	abstract = {KOH Dichtewerttabelle},
	urldate = {2021-05-15},
	author = {Periodensystem-online},
	file = {Dichtewerttabelle anzeigen - Das Periodensystem online:C\:\\Users\\tobias\\Zotero\\storage\\F38KCCRG\\index.html:text/html},
}

@misc{symphony_energy_coltd_se6m60_nodate,
	title = {{SE6M60} {Series} - {PolycrystaMilne} {Solar} {Module} by {Symphony} {Energy} {Co}.{LTD}},
	url = {https://energy-xprt.com/products/model-se6m60-series-polycrystamilne-solar-module-227605},
	abstract = {SE6M60 Series - PolycrystaMilne Solar Module by Symphony Energy Co.LTD. The SE6M60 Series, Polycrystalline solar modules,\&nbsp; represent one of the best products in the PV industry.\&nbsp; These products, made of environmentally sustained\&nbsp; mater...},
	language = {en},
	urldate = {2021-05-18},
	author = {Symphony Energy Co.LTD},
	file = {Snapshot:C\:\\Users\\tobias\\Zotero\\storage\\DIZJZGAI\\model-se6m60-series-polycrystamilne-solar-module-227605.html:text/html},
}

@misc{dwd_historische_nodate,
	title = {Historische {Wetterdaten}, {Deutschland}; {Wetterstation} {Aachen}-{Orsbach} ({Kennung}: 15000)},
	url = {https://opendata.dwd.de/climate_environment/CDC/observations_germany/climate/hourly/air_temperature/historical/},
	urldate = {2021-05-18},
	author = {DWD},
	file = {Index of /climate_environment/CDC/observations_germany/climate/hourly/air_temperature/historical/:C\:\\Users\\tobias\\Zotero\\storage\\YYQBBGTI\\historical.html:text/html},
}

@misc{dwd_klimaberatungsmodul_nodate,
	title = {Klimaberatungsmodul; {TRY15} ({Bezugskoordinaten}: 50,7931° {N}	6,0546° {O})},
	url = {https://kunden.dwd.de/obt/index.jsp},
	urldate = {2021-05-18},
	author = {DWD},
	file = {Klimaberatungsmodul - Produktbestellung:C\:\\Users\\tobias\\Zotero\\storage\\8PP7P72X\\index.html:text/html},
}

@article{hammoudi_new_2012,
	title = {New multi-physics approach for modelling and design of alkaline electrolyzers},
	volume = {37},
	issn = {03603199},
	url = {https://linkinghub.elsevier.com/retrieve/pii/S036031991201590X},
	doi = {10/f4c8jg},
	language = {en},
	number = {19},
	urldate = {2021-05-18},
	journal = {International Journal of Hydrogen Energy},
	author = {Hammoudi, M. and Henao, C. and Agbossou, K. and Dubé, Y. and Doumbia, M.L.},
	month = oct,
	year = {2012},
	pages = {13895--13913},
	file = {Hammoudi et al. - 2012 - New multi-physics approach for modelling and desig.pdf:C\:\\Users\\tobias\\Zotero\\storage\\MBWWSEVV\\Hammoudi et al. - 2012 - New multi-physics approach for modelling and desig.pdf:application/pdf},
}

@misc{periodensystem-online_dichtewerttabelle_nodate-1,
	title = {Dichtewerttabelle anzeigen - {Das} {Periodensystem} online},
	url = {http://www.periodensystem-online.de/index.php?id=lists&form=Dichtewerte&sst=5},
	abstract = {NAOH Dichtewerttabelle},
	urldate = {2021-05-15},
	author = {Periodensystem-online},
	file = {Dichtewerttabelle anzeigen - Das Periodensystem online:C\:\\Users\\tobias\\Zotero\\storage\\C4TP7MNI\\index.html:text/html},
}

@article{bocklisch_optimierendes_2010,
	title = {Optimierendes {Energiemanagement} von {Brennstoffzelle}-{Direktspeicher}-{Hybridsystemen}},
	url = {https://monarch.qucosa.de/landing-page/?tx_dlf[id]=https%3A%2F%2Fmonarch.qucosa.de%2Fapi%2Fqucosa%253A19281%2Fmets},
	abstract = {Die Dissertation beschreibt ein neues optimierendes Energiemanagement-Verfahren für Brennstoffzelle-Direktspeicher-Hybridsysteme. Den Ausgangspunkt bildet die Analyse der Schwankungseigenschaften spezifischer Energiezeitreihen: des Photovoltaik-Energieangebots und des elektrischen Verbrauchs von Haushalten. Konzepte zur zeitgestaffelten Zerlegung, Modellierung und Prognose werden vorgestellt. Der zweite Teil der Dissertation beschäftigt sich mit den Grundlagen von Aufbau und Funktion eines Brennstoffzelle-Direktspeicher-Hybridsystems und präsentiert Ergebnisse experimenteller und theoretischer Untersuchungen einer PEM-Brennstoffzelle, einer Supercap-Einheit, einer Lithium-Ionen Batterie sowie eines speziell entwickelten DC/DC-Wandlers. Praxistaugliche Modelle zur Beschreibung des Klemmenverhaltens, des Ladezustands und der auftretenden Wandlungsverluste werden vorgestellt. Der dritte Teil der Dissertation präsentiert ein neues optimierendes Energiemanagement-Verfahren. Optimierungsziele sind die Minimierung des Wasserstoffverbrauchs bei gleichzeitiger Reduzierung der dynamischen Brennstoffzellen-Beanspruchung. Das Verfahren basiert auf den drei Steuerungsebenen: Primärregelung, Sekundärregelung und Systembetriebsführung. Schwerpunkt bildet die Sekundärregelung auf der Basis einer speziellen Struktur aus Laderegler und Lastfolgeregler sowie zwei Blöcken zur aktiven Begrenzung des Leistungsgradienten und des Arbeitsbereichs der Brennstoffzelle. Die Funktion und Leistungsfähigkeit des Energiemanagement-Verfahrens werden an einem Simulations- und an einem Experimentiersystem nachgewiesen. Anwendungsbeispiele werden gegeben.},
	language = {de},
	urldate = {2021-05-15},
	author = {Bocklisch, Dipl-Ing Thilo},
	month = apr,
	year = {2010},
	keywords = {⛔ No DOI found},
	file = {Snapshot:C\:\\Users\\tobias\\Zotero\\storage\\3Y8F2BIJ\\landing-page.html:text/html;Full Text PDF:C\:\\Users\\tobias\\Zotero\\storage\\3C4R26FP\\Bocklisch - 2010 - Optimierendes Energiemanagement von Brennstoffzell.pdf:application/pdf},
}

@misc{noauthor_bedienungs-_nodate,
	title = {Bedienungs- und {Wartungsanleitung}  {WASSERSTOFF} / {SAUERSTOFF} {GENERATOR} {Line} {H04} {Modell} {G24} – {G32}},
	publisher = {ErreDue S.p.A.},
	file = {Bedienungs- und Wartungsanleitung  WASSERSTOFF  S.pdf:C\:\\Users\\tobias\\Zotero\\storage\\UP999GD6\\Bedienungs- und Wartungsanleitung  WASSERSTOFF  S.pdf:application/pdf},
}

@misc{regionetz_gasabrechnung_nodate,
	title = {Gasabrechnung {G} 685 {\textbar} {Regionetz}},
	url = {https://www.regionetz.de/privatkunden/gasanschluss/gasabrechnung-g-685/},
	urldate = {2021-05-06},
	author = {Regionetz},
	file = {Gasabrechnung G 685 | Regionetz:C\:\\Users\\tobias\\Zotero\\storage\\Z6ANSQM6\\gasabrechnung-g-685.html:text/html;Monatsbrennwerte_2020_Gesamtjahr_12.xlsx:C\:\\Users\\tobias\\Zotero\\storage\\DRRYHKYG\\Monatsbrennwerte_2020_Gesamtjahr_12.xlsx:application/vnd.openxmlformats-officedocument.spreadsheetml.sheet},
}

@inproceedings{von_appen_optimale_2015,
	title = {Optimale {Dimensionierung} von {PV}-{Speicher}-{Systemen} unter {Unsicherheit}},
	booktitle = {30. {Symposium} {Photovoltaische} {Solarenergie}},
	author = {Von Appen, Jan and Burgenmeister, Balthasar and Braun, Martin},
	year = {2015},
	keywords = {⛔ No DOI found},
	file = {Full Text:C\:\\Users\\tobias\\Zotero\\storage\\SWHQLY4F\\Von Appen et al. - 2015 - Optimale Dimensionierung von PV-Speicher-Systemen .pdf:application/pdf},
}

@misc{gpanrw_kalkulatorischer_2021,
	title = {Kalkulatorischer {Zinssatz} 2020 {\textbar} {gpaNRW}},
	url = {https://gpanrw.de/aktuelles/aktuelle-meldungen/hinweise-zum-kalkulatorischen-zinssatz-2020},
	urldate = {2021-05-07},
	author = {gpaNRW},
	month = may,
	year = {2021},
	file = {Kalkulatorischer Zinssatz 2020 | gpaNRW:C\:\\Users\\tobias\\Zotero\\storage\\VDL6MYWK\\hinweise-zum-kalkulatorischen-zinssatz-2020.html:text/html;Kalkulatorischer Zinssatz 2020  gpaNRW.pdf:C\:\\Users\\tobias\\Zotero\\storage\\8UPZH7YL\\Kalkulatorischer Zinssatz 2020  gpaNRW.pdf:application/pdf},
}

@misc{eon_energie_ihr_2021,
	title = {Ihr {Industriestrom} 2021: {Preisvergleich} für {Unternehmen}},
	shorttitle = {Ihr {Industriestrom} 2021},
	url = {https://www.eon.de/de/gk/strom/industriestrom.html},
	abstract = {Strompreisrechner der E.ON Energie Deutschland GmbH},
	language = {de},
	urldate = {2021-05-07},
	author = {E.ON Energie},
	month = may,
	year = {2021},
	file = {Snapshot:C\:\\Users\\tobias\\Zotero\\storage\\T4HWXLV5\\industriestrom.html:text/html},
}

@misc{bna_bundesnetzagentur_2021,
	title = {Bundesnetzagentur - {Veröffentlichung} von {EEG}-{Registerdaten}},
	url = {https://www.bundesnetzagentur.de/DE/Sachgebiete/ElektrizitaetundGas/Unternehmen_Institutionen/ErneuerbareEnergien/ZahlenDatenInformationen/EEG_Registerdaten/EEG_Registerdaten_node.html},
	urldate = {2021-05-10},
	author = {BNA},
	month = may,
	year = {2021},
	file = {Bundesnetzagentur - Veröffentlichung von EEG-Registerdaten:C\:\\Users\\tobias\\Zotero\\storage\\RNL4YIJW\\EEG_Registerdaten_node.html:text/html},
}

@misc{eon_energie_gewerbegas_2021,
	title = {Gewerbegas vergleichen: {Günstig}, schnell, 100\% sicher},
	shorttitle = {Gewerbegas vergleichen},
	url = {https://www.eon.de/de/gk/erdgas/gewerbegas.html},
	abstract = {Gaspreisrechner der E.ON Energie Deutschland GmbH},
	language = {de, de},
	urldate = {2021-05-10},
	author = {E.ON Energie},
	month = may,
	year = {2021},
	file = {Snapshot:C\:\\Users\\tobias\\Zotero\\storage\\7CK9RHHM\\gewerbegas.html:text/html},
}

@phdthesis{jungbluth_kraft-warme-kopplung_2012,
	title = {Kraft-{Wärme}-{Kopplung} mit {Brennstoffzellen} in {Wohngebäuden} im zukünftigen {Energiesystem}},
	url = {https://epub.wupperinst.org/frontdoor/index/index/docId/4240},
	abstract = {Kraft-Wärme-Kopplung wird als eine der tragenden Säulen eines zukünftigen und nachhaltigen Energiesystems angesehen. Die Brennstoffzellentechnologie verspricht hierfür eine wesentliche Erweiterung des Anwendungsspektrums in der Wärmeversorgung von Wohngebäuden. Damit wäre der Kraft-Wärme-Kopplung ein zusätzlicher Markt erschlossen, der heute für ca. 25 \% der Endenergienachfrage in Deutschland steht. Gleichzeitig hätte der flächendeckende Einsatz dezentraler Brennstoffzellensysteme in Wohngebäuden große Auswirkungen auf das Energieinfrastruktursystem, den Primärenergiebedarf und den Energieträgermix sowie die Treibhausgasemissionen in Deutschland. 
Zielsetzung der Arbeit ist es, diese Effekte sichtbar zu machen und im Rahmen von Energienachfrage- und -erzeugungsszenarien bis zum Jahr 2050 zu quantifizieren. Es werden zwei Szenarien entworfen, Referenz und Ökologisches Engagement, worin der Einsatz und Betrieb von Brennstoffzellenanlagen im Wohngebäudebestand der Zukunft bottom-up simuliert wird. Dazu wird ein Modell des Wohngebäudebestands mit 213 unterschiedlichen Referenzgebäuden sowie detaillierte Simulationsmodelle des Anlageneinsatzes erstellt. Deren Ziel ist es darüber hinaus, ökonomisch und ökologisch optimale Anlagenauslegungen und Fahrweisen von Brennstoffzellen in Wohngebäuden zu ermitteln. 
Es zeigt sich, dass bei den angenommenen energiewirtschaftlichen Rahmenbedingungen ökonomisch optimale Anlagengrößen in typischen Ein- und Zweifamilienhäusern bei wenigen hundert Watt elektrischer Leistung liegen, heute diskutierte Anlagengrößen von 2 bis 4,7 kW el lassen sich nur in Mehrfamilienhäusern wirtschaftlich darstellen. Der Wegfall des KWK- Bonus' verschlechtert die Wirtschaftlichkeit insbesondere größerer und im Contracting betriebener Anlagen erheblich.},
	language = {deu},
	urldate = {2021-05-17},
	school = {Wuppertal Institut für Klima, Umwelt, Energie},
	author = {Jungbluth, Christian Herbert},
	month = apr,
	year = {2012},
	note = {ISBN: 9783893364695},
	file = {Full Text:C\:\\Users\\tobias\\Zotero\\storage\\XU4LAI9N\\Jungbluth - Kraft-Wärme-Kopplung mit Brennstoffzellen in Wohng.pdf:application/pdf},
}

@phdthesis{schill_vergleich_2018,
	type = {Thesis},
	title = {Vergleich verschiedener {Methoden} zur {Speicherung} von {Wasserstoff}},
	url = {https://repositum.tuwien.at/handle/20.500.12708/7649},
	abstract = {Aus Umweltsicht hat der Einsatz von Wasserstoff als kohlenstofffreier Energieträger durchaus seine Vorteile und wird bei der zukünftigen Energieversorgung eine zentrale Rolle spielen. Angesichts des global steigenden Energiebedarfs und der begrenzten Verfügbarkeit fossiler Rohstoffe, sowie steigender Umweltbelastung durch die Emission von Schadstoffen macht es durchaus Sinn sich mit Wasserstoff als mögliche Alternative zu befassen. Wasserstoff kann mithilfe der Elektolyse und erneuerbaren Energiequellen wie Wasserkraft, Windenergie und Sonnenenergie praktisch emissionsfrei hergestellt werden und besitzt somit auch das Potenzial ein großer Energiespeicher zu sein. Neben der Herausforderung Wasserstoff energieeffizient herzustellen, wird die Speicherung und Verteilung von Wasserstoff eine wichtige Rolle spielen. Wasserstoff lässt sich auf vielerlei Weisen speichern. Durch seine geringe volumetrische Dichte bei Standardbedingungen unterscheidet sich der Umgang mit Wasserstoff von den bisher genützten Energieträgern. Die volumetrische Energiedichte von Wasserstoff ist bei Atmosphärendruck und Raumtemperatur so gering, dass es auf jeden Fall notwendig ist diese Energiedichte durch Drucksteigerung, Verflüssigung oder durch chemische oder physikalische Bindung an einen anderen Stoff zu erhöhen. In dieser Arbeit werden, aufbauend auf literaturbekannten Daten, verschiedene bestehende sowie potentielle Speichertechnologien von Wasserstoff vorgestellt und teilweise je nach Anwendungsbereich miteinander verglichen.},
	language = {de},
	urldate = {2021-05-07},
	school = {Wien},
	author = {Schill, Jacques},
	year = {2018},
	note = {Accepted: 2020-06-29T17:24:54Z
Journal Abbreviation: Comparison of different methods for hydrogen storage},
	file = {Full Text PDF:C\:\\Users\\tobias\\Zotero\\storage\\ZETYQUBT\\Schill - 2018 - Vergleich verschiedener Methoden zur Speicherung v.pdf:application/pdf;Snapshot:C\:\\Users\\tobias\\Zotero\\storage\\K42QBUMA\\7649.html:text/html},
}

@book{ortl_entwicklung_2020,
	title = {Entwicklung der spezifischen {Kohlendioxid}-{Emissionen} des deutschen {Strommix} in den {Jahren} 1990 - 2019},
	url = {https://www.umweltbundesamt.de/publikationen/entwicklung-der-spezifischen-kohlendioxid-6},
	abstract = {Das Umweltbundesamt veröffentlicht jährlich seine Berechnungsergebnisse zur Entwicklung des Kohlendioxid-Emissionsfaktors (der spezifischen CO2-Emissionen) des deutschen Strommix in der Zeitreihe ab 1990, der als Indikator für die Klimaverträglichkeit der Stromerzeugung angesehen werden kann. Bei der Erzeugung einer Kilowattstunde Strom für den Endverbrauch ohne Berücksichtigung des Stromhandelssaldos wurden in Deutschland im Jahr 2017 durchschnittlich 485 Gramm Kohlendioxid (CO2) als direkte Emission aus der Verbrennung fossiler Energieträger emittiert. Das sind ca. 279 Gramm pro Kilowattstunde oder 36 Prozent weniger als im Jahr 1990. Für das Jahr 2018 auf der Basis vorläufiger Daten sind dies 468 Gramm pro Kilowattstunde. Hochgerechnete Werte für das Jahr 2019 ergeben 401 Gramm pro Kilowattstunde und somit 363 Gramm und ca. 47 Prozent weniger als 1990.},
	language = {de},
	urldate = {2021-05-10},
	publisher = {Umweltbundesamt},
	author = {Örtl, Elke},
	month = apr,
	year = {2020},
	file = {Snapshot:C\:\\Users\\tobias\\Zotero\\storage\\98RYVDJI\\entwicklung-der-spezifischen-kohlendioxid-6.html:text/html;Örtl - 2020 - Entwicklung der spezifischen Kohlendioxid-Emission.pdf:C\:\\Users\\tobias\\Zotero\\storage\\CU2DXHFZ\\Örtl - 2020 - Entwicklung der spezifischen Kohlendioxid-Emission.pdf:application/pdf},
}

@book{redaktionsassistenz_2_co2-emissionsfaktoren_2016,
	title = {{CO2}-{Emissionsfaktoren} für fossile {Brennstoffe}},
	url = {https://www.umweltbundesamt.de/publikationen/co2-emissionsfaktoren-fuer-fossile-brennstoffe},
	abstract = {Deutschland ist verpflichtet, jährlich die nationalen Emissionen der Treibhausgase an die Europäische Union und an die Vereinten Nationen zu berichten. Über 80 \% der berichteten Treibhausgasemissionen in Deutschland entstehen aus der Verbrennung fossiler Brennstoffe, zum weit überwiegenden Teil in Form von Kohlendioxid. Um die Kohlendioxid-Emissionen zu berechnen benötigt man neben den Aktivitätsdaten auch passende Emissionsfaktoren, diese hängen wiederum von der Brennstoffqualität und der eingesetzten Menge ab. Aufgrund der Relevanz dieser Quellen werden für das deutsche Inventar keine internationalen Durchschnittswerte verwendet, sondern landesspezifische Emissionsfaktoren. Für deren Bestimmung ist eine umfangreiche Kenntnis der Brennstoffzusammensetzung, insbesondere der Kohlenstoffgehalte und Heizwerte unbedingt nötig.Die folgende Veröffentlichung gibt einen Überblick über die Qualität der wichtigsten in Deutschland eingesetzten Brennstoffe und die daraus berechneten CO2-Emissionsfaktoren. Da die Treibhausgasemissionen bis 1990 zurück berechnet werden müssen, werden auch Brennstoffe untersucht, die aktuell nicht mehr eingesetzt werden. Dazu werden Archivdaten verwendet, im Falle von Datenlücken werden Methoden angewendet, die eine Rückrechnung bis zum Basisjahr ermöglichen.},
	language = {de},
	urldate = {2021-05-10},
	publisher = {Umweltbundesamt},
	author = {Redaktionsassistenz 2, U. B. A.},
	month = sep,
	year = {2016},
	file = {Snapshot:C\:\\Users\\tobias\\Zotero\\storage\\YAN7JLYN\\co2-emissionsfaktoren-fuer-fossile-brennstoffe.html:text/html;Redaktionsassistenz 2 - 2016 - CO2-Emissionsfaktoren für fossile Brennstoffe.pdf:C\:\\Users\\tobias\\Zotero\\storage\\6H32J9RH\\Redaktionsassistenz 2 - 2016 - CO2-Emissionsfaktoren für fossile Brennstoffe.pdf:application/pdf},
}

@misc{wirth_aktuelle_nodate,
	title = {Aktuelle {Fakten} zur {Photovoltaik} in {Deutschland} - {Fraunhofer} {ISE}},
	url = {https://www.ise.fraunhofer.de/de/veroeffentlichungen/studien/aktuelle-fakten-zur-photovoltaik-in-deutschland.html},
	abstract = {Photovoltaik wird in unserer nachhaltigen Energiezukunft eine bedeutende Rolle spielen. Die vorliegende Zusammenstellung aktuellster Fakten, Zahlen und Erkenntnisse soll eine gesamtheitliche Bewertung des Photovoltaik-Ausbaus in Deutschland unterstützen.},
	language = {de},
	urldate = {2021-05-20},
	journal = {Fraunhofer-Institut für Solare Energiesysteme ISE},
	author = {Wirth, Dr Harry},
	file = {Snapshot:C\:\\Users\\tobias\\Zotero\\storage\\4JJX7RZV\\aktuelle-fakten-zur-photovoltaik-in-deutschland.html:text/html;Aktuelle Fakten zur Photovoltaik in Deutschland - .pdf:C\:\\Users\\tobias\\Zotero\\storage\\XD58E47U\\Aktuelle Fakten zur Photovoltaik in Deutschland - .pdf:application/pdf},
}

@article{miotti_integrated_2017,
	title = {Integrated environmental and economic assessment of current and future fuel cell vehicles},
	volume = {22},
	issn = {0948-3349, 1614-7502},
	url = {http://link.springer.com/10.1007/s11367-015-0986-4},
	doi = {10/f9kncx},
	language = {en},
	number = {1},
	urldate = {2021-05-20},
	journal = {The International Journal of Life Cycle Assessment},
	author = {Miotti, Marco and Hofer, Johannes and Bauer, Christian},
	month = jan,
	year = {2017},
	pages = {94--110},
	file = {Volltext:C\:\\Users\\tobias\\Zotero\\storage\\PQXHMG48\\Miotti et al. - 2017 - Integrated environmental and economic assessment o.pdf:application/pdf},
}
































































@article{isenberg_energy_1981,
	title = {Energy conversion via solid oxide electrolyte electrochemical cells at high temperatures},
	volume = {3-4},
	issn = {0167-2738},
	url = {https://www.sciencedirect.com/science/article/pii/0167273881901272},
	doi = {10/cs8rrj},
	abstract = {The emergence of reliable and inexpensive deposition techniques for thin-film zirconia electrolytes, and for electronically conducting electrode connectors, has made possible the successful fabrication and testing of high-temperature solid oxide electrolyte (HTSOE) cells. Such cells can find application in electrical power generation (fuel cells) as well as in converting electrical energy into chemical energy (electrolysis). Neither individual cell component- nor interconnected cell stack performance-deterioration has been observed in life tests of over 5000 h at 1000°C. Temperature cycling of cell stacks from 1000°C to room temperature and back to 1000°C has demonstrated the mechanical soundness of the cell structure. This was achieved by proper matching of materials with respect to electrical, thermal, mechanical, and chemical characteristics. Electrochemical performance data have been obtained that form the basis on which to build future generator hardware. The long-range goal of the development program is the application of this fuel cell technology for cogeneration systems, i.e. ones that make use not only of the electrical energy but also of the high-quality heat, generated by a power plant.},
	language = {en},
	urldate = {2021-03-22},
	journal = {Solid State Ionics},
	author = {Isenberg, A. O.},
	month = aug,
	year = {1981},
	pages = {431--437},
	file = {ScienceDirect Snapshot:C\:\\Users\\tobias\\Zotero\\storage\\TE7U9RJW\\0167273881901272.html:text/html},
}


@article{grigoriev_high-pressure_2011,
	title = {High-pressure {PEM} water electrolysis and corresponding safety issues},
	volume = {36},
	doi = {10/ctvxzt},
	number = {3},
	journal = {International journal of hydrogen energy},
	author = {Grigoriev, S. A. and Porembskiy, V. I. and Korobtsev, S. V. and Fateev, V. N. and Auprêtre, F. and Millet, P.},
	year = {2011},
	note = {Publisher: Elsevier},
	pages = {2721--2728},
	file = {Full Text:C\:\\Users\\tobias\\Zotero\\storage\\6SXHPCDK\\Grigoriev et al. - 2011 - High-pressure PEM water electrolysis and correspon.pdf:application/pdf;Snapshot:C\:\\Users\\tobias\\Zotero\\storage\\ECHGBJ3Q\\S0360319910005392.html:text/html},
}


@misc{informatics_nist_nodate,
	title = {{NIST} {Chemistry} {WebBook}},
	url = {https://webbook.nist.gov/chemistry/},
	abstract = {NIST site provides chemical and physical property data on over 40,000 compounds.},
	language = {en},
	urldate = {2021-04-07},
	author = {Informatics, NIST Office of Data and},
	doi = {10.18434/T4D303},
	note = {Publisher: National Institute of Standards and Technology},
	file = {Snapshot:C\:\\Users\\tobias\\Zotero\\storage\\CWBN47IX\\chemistry.html:text/html},
}





@misc{smolinka_now-studie_2011,
	title = {{NOW}-{Studie} - {Stand} und {Entwicklungspotenzial} der {Wasserelektrolyse} zur {Herstellung} von {Wasserstoff} aus regenerativen {Energien} - {Kurzfassung} des {Abschlussberichts}},
	url = {https://www.google.com/url?sa=t&rct=j&q=&esrc=s&source=web&cd=&ved=2ahUKEwjFu_rqlO_vAhXY_rsIHZv1AQEQFjAAegQIAxAD&url=https%3A%2F%2Fwww.now-gmbh.de%2Fwp-content%2Fuploads%2F2020%2F09%2Fnow-studie-wasserelektrolyse-2011.pdf&usg=AOvVaw0FErz4sC3FRw3EAFMgFrGc},
	language = {Deutsch},
	urldate = {2021-04-08},
	author = {Smolinka, Tom and Günther, Martin and Garche, Jürgen},
	month = jul,
	year = {2011},
	file = {Smolinka et al. - 2011 - NOW-Studie - Stand und Entwicklungspotenzial der W.pdf:C\:\\Users\\tobias\\Zotero\\storage\\I7QNKPLL\\Smolinka et al. - 2011 - NOW-Studie - Stand und Entwicklungspotenzial der W.pdf:application/pdf},
}

@article{ursua_staticdynamic_2012,
	title = {Static–dynamic modelling of the electrical behaviour of a commercial advanced alkaline water electrolyser},
	volume = {37},
	issn = {03603199},
	url = {https://linkinghub.elsevier.com/retrieve/pii/S036031991202191X},
	doi = {10/f4m7hv},
	language = {en},
	number = {24},
	urldate = {2021-04-09},
	journal = {International Journal of Hydrogen Energy},
	author = {Ursúa, Alfredo and Sanchis, Pablo},
	month = dec,
	year = {2012},
	pages = {18598--18614},
}


@inproceedings{haberlin_neue_2006,
	title = {Neue {Tests} an photovoltaic-{Wechselrichtern}: {Gesamtübersicht} über {Testergebnisse} und gemessene totale {Wirkungsgrade}},
	volume = {21},
	shorttitle = {Neue {Tests} an photovoltaic-{Wechselrichtern}},
	booktitle = {Proc. of},
	author = {Häberlin, H. and Kämpfer, M. and Zwahlen, U.},
	year = {2006},
	keywords = {⛔ No DOI found},
	file = {Full Text:C\:\\Users\\tobias\\Zotero\\storage\\JNWUKECE\\Häberlin et al. - 2006 - Neue Tests an photovoltaic-Wechselrichtern Gesamt.pdf:application/pdf},
}

@article{bergen_transient_2009,
	title = {Transient electrolyser response in a renewable-regenerative energy system},
	volume = {34},
	issn = {03603199},
	url = {https://linkinghub.elsevier.com/retrieve/pii/S036031990801358X},
	doi = {10/dtzqjx},
	language = {en},
	number = {1},
	urldate = {2021-05-14},
	journal = {International Journal of Hydrogen Energy},
	author = {Bergen, A and Pitt, L and Rowe, A and Wild, P and Djilali, N},
	month = jan,
	year = {2009},
	pages = {64--70},
	file = {Bergen et al. - 2009 - Transient electrolyser response in a renewable-reg.pdf:C\:\\Users\\tobias\\Zotero\\storage\\NKQHPE9A\\Bergen et al. - 2009 - Transient electrolyser response in a renewable-reg.pdf:application/pdf},
}
